2924 5002
714 508 754 566 70

183 668 497 745 angusto-lanceolatis
523 668 637 726 obtusis
665 668 800 727 acutisve
826 669 932 746 plania
965 669 1165 743 integerrimis
1194 687 1292 746 capra

183 749 307 808 levidae
320 750 417 807 rarius
431 749 561 807 tenuiter
573 749 725 826 puberulis
740 749 844 806 subtus
864 750 1066 825 prominenter
1085 749 1293 825 penninerviia

183 837 215 888 et
233 830 405 889 tenuissime
423 829 654 888 cano-velutinis
671 849 700 887 v.
719 831 837 888 tenuius
856 829 1015 888 densiusve
1033 830 1217 901 tomentosis,
1239 830 1292 888 sti-

184 911 262 988 pulis
286 910 429 983 deciduis,
453 911 599 986 paniculis
623 910 939 986 cymoso-corymbosis
961 910 1293 969 tenuissime-velutinis

182 1011 211 1050 v.
236 991 590 1066 sericeo-pubescentibus
612 1010 641 1048 v.
667 991 974 1061 tomentoso-serioeis,
999 992 1152 1066 pedicellis
1176 991 1291 1050 umbel-

184 1072 262 1143 latis,
291 1071 420 1130 bracteis
447 1071 661 1146 bracteolisque
690 1071 818 1143 caducis,
841 1071 978 1151 floridae
1000 1072 1189 1148 petuliperia
1219 1071 1292 1149 styli

182 1154 273 1211 ramis
297 1171 366 1210 mox
385 1152 618 1226 divergentibus,
641 1152 762 1227 capsula
782 1153 879 1210 medio
901 1159 987 1209 tenum
1007 1153 1119 1230 calyois
1141 1153 1215 1211 tubo
1235 1153 1291 1210 im·

184 1252 288 1305 mersa,
303 1243 451 1310 apertura
465 1234 516 1289 vise
530 1232 573 1290 ad
585 1233 664 1290 coeci
676 1233 805 1290 mediam
819 1229 999 1291 extendente.

223 1313 286 1372 Per
303 1322 416 1371 tractus
436 1312 556 1370 coloniae
570 1311 713 1370 Victoriae
728 1314 871 1371 australes
884 1321 915 1371 et
929 1313 1097 1383 orientales,
1111 1313 1182 1372 inde
1196 1331 1292 1389 usque

184 1395 221 1452 ad
243 1395 379 1470 regiones
402 1393 586 1469 subtropicas
599 1393 761 1451 Australiae
784 1393 936 1452 orientalis
959 1394 1132 1464 extendens,
1152 1413 1208 1452 nec
1230 1412 1290 1452 non

184 1476 215 1532 in
230 1475 390 1533 Tasmania
404 1481 434 1532 et
448 1473 537 1532 Nova
555 1474 714 1532 Zeelandia
734 1492 891 1533 occurrens
901 1496 909 1542 ;
931 1475 962 1531 in
981 1474 1054 1533 locis
1074 1475 1194 1551 ripariis
1213 1493 1291 1550 saepe

183 1557 374 1614 arborescens
398 1563 429 1613 et
450 1552 608 1633 altitudine
629 1554 778 1612 interdum
802 1554 849 1613 eo
873 1555 1055 1630 superbiens,
1081 1556 1112 1611 in
1138 1554 1290 1614 montibus

183 1635 328 1694 silvaticis
342 1636 522 1712 rupibusque
536 1634 680 1692 fruticosa
692 1654 823 1693 manens.

225 1715 345 1792 Species
358 1733 538 1791 magnopere
551 1715 681 1773 varians.
723 1715 934 1773 Indumentum
948 1715 1016 1791 plus
1029 1715 1129 1773 minus
1139 1733 1248 1774 canum
1258 1736 1288 1774 v.

182 1796 393 1872 ferrugineum,
413 1796 532 1853 tenuius
551 1795 583 1852 in
602 1795 712 1869 plantis
726 1796 852 1880 ripariis,
873 1795 993 1854 densius
1007 1797 1039 1854 in
1053 1796 1195 1872 stirpibus
1210 1804 1289 1854 trac·

182 1885 266 1936 tuum
280 1876 460 1952 rupestrium
474 1876 619 1951 imprimis
632 1876 854 1951 graniticorum,
869 1877 967 1950 potius
989 1878 1133 1935 sericeum
1146 1877 1178 1934 in
1194 1877 1289 1952 speci-

182 1958 311 2016 minibus
330 1977 346 2016 e
367 1956 539 2033 regionibus
557 1955 779 2015 excelsioribus.
821 1956 907 2014 Folia
931 1957 1055 2032 antiqua
1079 1954 1169 2032 13-4'
1190 1957 1288 2032 longa,

182 2058 271 2115 supra
285 2039 364 2097 inter
377 2057 485 2097 nervos
500 2037 554 2096 vix
569 2038 726 2114 conspicue
744 2037 894 2113 rugulosa,
915 2038 1001 2096 venis
1022 2037 1127 2095 subtus
1147 2036 1215 2114 plus
1232 2039 1288 2095 mi-

181 2139 276 2179 nusve
297 2119 445 2177 distinctIs
466 2135 615 2194 percursa.
662 2117 771 2175 Petioli
794 2115 864 2195 Η
884 2118 975 2193 longi.
1023 2116 1147 2193 Stipulae
1172 2114 1290 2196 ΙΗΓ

180 2201 285 2276 longae,
301 2199 541 2276 cymbeo-ovatae,
557 2198 739 2269 acuminata,
756 2199 899 2267 scariosae,
915 2196 1014 2256 fuscae.
1050 2198 1202 2257 Paniculae
1217 2217 1288 2257 oon·

180 2280 339 2349 fertiliora,
366 2279 505 2337 axillares
527 2286 558 2336 et
580 2279 759 2336 terminales.
800 2278 966 2336 Peduneuli
988 2279 1132 2354 angulosi,
1154 2279 1290 2356 primarii

180 2360 288 2438 pollice
308 2360 415 2437 saepius
436 2359 586 2416 breviores
607 2377 695 2433 quam
717 2359 872 2433 longiores,
897 2359 1046 2417 interdum
1066 2367 1166 2418 autem
1185 2359 1288 2435 pauci-

180 2441 344 2518 pollicares.
376 2439 532 2498 Pedicellii
549 2435 771 2515 13-2l'fflongi.
800 2438 965 2497 Bracteolae
980 2440 1132 2515 spadiceae,
1148 2441 1288 2518 cymbcae,

181 2520 491 2596 lanceolata-oblongae
516 2539 545 2578 v.
571 2521 721 2578 subovatae
743 2539 772 2578 v.
799 2520 888 2577 immo
911 2520 1100 2589 orbiculatas,
1124 2529 1213 2580 extus
1233 2540 1288 2598 pu·

181 2601 292 2661 berula
311 2621 341 2660 v.
363 2602 482 2660 sericeas
501 2620 531 2660 v.
551 2599 704 2672 villosulac,
723 2597 820 2677 1-35'l
839 2602 943 2676 longae.
986 2600 1112 2677 Calyoes
1132 2620 1209 2678 saepe
1231 2599 1288 2678 ψ

180 2682 330 2741 interdum
345 2678 384 2740 Ψ
397 2682 487 2757 longi,
507 2680 590 2739 intus
610 2682 773 2739 saturatius
793 2680 954 2739 dilutiusve
975 2681 1055 2750 flavi,
1076 2700 1289 2758 nonnunquam

181 2762 293 2840 pallore
315 2763 415 2823 albidi.
457 2762 563 2821 Petala
584 2762 741 2837 conspicue
769 2762 969 2837 unguiculata,
997 2760 1064 2838 plus
1091 2762 1228 2821 minusve
1255 2763 1288 2821 in

180 2843 305 2903 formam
326 2843 525 2921 spathulatam
546 2863 575 2902 v.
596 2851 751 2902 cuneatam
776 2862 806 2901 v.
831 2842 1001 2899 rhombeam
1029 2862 1058 2900 v.
1086 2843 1235 2901 hastatam
1255 2863 1286 2902 v.

180 2925 357 2984 deltoideam
376 2944 406 2984 v.
427 2923 633 2982 subcordatam
653 2923 816 2999 vergentia,
837 2921 1029 2998 integerrima
1042 2942 1072 2980 v.
1088 2923 1243 2982 erenulata
1256 2944 1286 2983 v.

179 3007 276 3064 rarius
290 3005 458 3075 lacinulata,
473 3023 544 3063 mox
558 3003 691 3075 decidua,
706 3022 806 3078 ungue
820 3003 921 3061 addito
935 3001 997 3062 fere
1015 3000 1162 3079 1'l10nga.
1204 3005 1286 3064 Fila·

179 3093 279 3145 menta
293 3093 418 3160 setacea,
436 3082 492 3162 Ilm
503 3085 592 3159 longa
602 3104 630 3141 v.
643 3083 791 3142 breviora.
834 3081 977 3142 Antherae
992 3083 1112 3142 circiter
1125 3081 1165 3162 ψ’
1179 3085 1286 3162 longas,

179 3166 275 3224 flavae.
316 3165 443 3224 Pollinis
456 3164 582 3239 granula
595 3171 691 3234 ovata,
705 3163 800 3236 laevia,
816 3162 1073 3239 longitudinaliter
1092 3165 1286 3225 dehiscentia.

181 3244 284 3323 Stylus
307 3245 426 3303 circiter
447 3241 483 3300 1’”
501 3245 615 3320 longus,
637 3261 764 3319 superne
785 3263 814 3302 v.
836 3244 1033 3302 medio-tenus
1056 3244 1184 3317 3·lobus‚
1208 3246 1286 3305 lobis

179 3326 367 3387 filiformibus
401 3325 539 3400 stigmate
570 3324 707 3399 depresso
742 3343 876 3382 convexo
904 3325 1080 3401 papilluloso
1106 3328 1284 3385 terminatis.

179 3406 315 3483 Capsulae
329 3405 569 3482 ovato-globosae,
585 3404 722 3462 minutim
736 3405 904 3474 rostellatae,
920 3404 1099 3464 velutinellae
1114 3426 1143 3465 v.
1158 3408 1285 3467 sericeo·

178 3489 381 3564 pubescentes.
424 3488 570 3544 Foramen
598 3485 769 3561 endocarpii
799 3504 866 3543 raro
895 3504 964 3543 casn
996 3494 1111 3544 tantum
1147 3495 1284 3562 quartam

178 3569 394 3644 longitudinem
416 3567 496 3625 cocci
517 3583 672 3643 occupans.
716 3567 836 3626 Semina
851 3565 1044 3641 nigro-fusca,
1059 3567 1166 3637 lucida,
1187 3569 1285 3626 laevis·

178 3649 260 3720 sima,
276 3645 314 3726 §m
329 3648 426 3722 longa.
464 3647 634 3722 Strophiola
647 3647 748 3717 livida,
760 3655 907 3714 truncata,
923 3647 1104 3717 carnulenta,
1120 3649 1283 3723 perbrevis.

218 3728 292 3787 Vidi
306 3728 395 3805 hujus
409 3728 518 3804 speciei
532 3729 788 3798 monstrositatem,
804 3726 889 3801 cujus
903 3725 1006 3784 lolium
1017 3746 1034 3785 e
1045 3746 1138 3786 nervo
1148 3729 1285 3788 mediano

178 3809 283 3868 subtus
302 3810 427 3868 alterum
445 3809 548 3866 folium
567 3811 622 3868 etsi
642 3808 888 3866 rudimentorium
906 3809 1052 3883 producit.
1094 3808 1284 3868 Pomaderris

177 3890 310 3966 elliptica
328 3897 373 3949 est
391 3890 481 3947 unica
496 3908 535 3947 ex
551 3890 687 3947 omnibus
708 3889 860 3946 arboribus
879 3888 974 3946 Novae
993 3889 1158 3948 Zeelandiae
1179 3890 1283 3949 itidem

176 3971 208 4029 in
223 3971 378 4029 Australia
392 3970 585 4029 continentali
600 3971 748 4044 indigena.

218 4051 256 4109 In
271 4052 480 4128 speciminibus
497 4051 609 4109 mancis
624 4049 662 4107 ad
676 4049 773 4108 sinum
787 4048 925 4107 Twofold
938 4048 1005 4125 Bay
1019 4050 1144 4125 repertis
1158 4051 1284 4126 stipulas

176 4132 448 4192 lineari-subulatas
473 4131 561 4207 paulo
588 4130 701 4188 diutius
728 4129 919 4206 persistentes
944 4131 1016 4188 vidi.
1059 4129 1111 4187 Ad
1136 4138 1284 4190 torrentes

176 4213 235 4269 rivi
249 4213 341 4271 Mitta
355 4213 447 4271 Mitta
460 4212 570 4286 alpium
585 4210 748 4269 Australiae
762 4210 821 4285 legi
836 4210 998 4285 specimina
1011 4217 1045 4267 ut
1060 4210 1180 4269 videtur
1192 4211 1283 4286 hujus

96 4328 99 4340 ·
176 4293 285 4366 speciei
298 4291 378 4351 foliis
392 4292 578 4369 longitudine
592 4291 630 4349 ad
645 4287 675 4364 p
689 4291 821 4349 reductis
835 4290 973 4364 insignia.
1017 4291 1063 4349 De
1077 4292 1159 4349 hisce
1173 4292 1282 4351 iterum

176 4373 393 4448 inquirendum.
