2924 5002
671 481 710 539 86

100 630 110 641 ’
139 641 198 704 sits
210 643 369 703 transitum
382 644 467 719 quasi
481 643 615 703 efformet
629 642 667 703 ad
682 642 822 720 Spyridia
835 649 955 719 propter
966 645 1104 703 antheras
1119 645 1238 702 subcor-

139 724 222 783 datas
243 731 275 783 et
296 724 428 800 oarpidia
451 725 532 782 haud
555 725 733 800 opereulata.
775 724 994 782 Pomaderridis
1016 725 1189 800 stenopetali
1209 730 1240 782 et

138 804 260 881 grarnlis
269 803 385 863 fructus
396 805 490 880 ignoti
501 799 677 873 manebant;
698 805 743 862 hae
754 804 867 882 speeies
878 803 955 879 stylo
966 805 1097 879 simplice
1108 805 1239 879 insignes

138 890 216 943 sunt
258 883 368 944 Discus
382 882 523 961 Trymalii
536 884 703 943 Wichureae
717 886 754 942 ab
768 903 802 943 eo
815 884 1020 961 plerorumque
1033 884 1237 960 Spyridiorum

138 981 197 1023 non
213 965 333 1035 reoedit,
353 965 424 1023 dum
441 965 522 1022 illius
542 964 759 1023 inflorescentia
773 965 826 1023 vix
841 983 859 1023 a
872 983 957 1040 cyma
973 964 1104 1041 Spyridii
1120 963 1237 1022 Water-

138 1042 236 1104 bousii
249 1044 387 1121 divergit,
400 1044 456 1104 etsi
470 1045 625 1103 bracteolas
638 1063 693 1103 neo
706 1063 820 1119 magnae
834 1064 889 1104 nec
904 1046 1038 1103 scariosae
1053 1052 1130 1109 sunt.
1143 1061 1238 1117 neque

138 1124 310 1200 persistunt.
353 1123 543 1201 Cryptandra
563 1125 600 1182 ob
619 1125 829 1183 involucellum
842 1126 1035 1194 bractearum,
1056 1126 1134 1199 quod
1155 1124 1237 1199 sigil-

137 1201 222 1263 latim
235 1204 367 1282 calyoem
381 1205 513 1264 sessilem
527 1205 621 1280 cingit
635 1212 686 1263 aut
701 1206 784 1263 basin
798 1206 933 1280 pedicelli
947 1204 1238 1277 cuoumdatmelius

138 1301 227 1359 quam
245 1285 307 1343 ullo
326 1285 385 1343 alio
403 1291 469 1343 tuto
488 1285 657 1343 charactere
672 1303 690 1342 a
705 1284 852 1361 Spyridiis
866 1286 1084 1362 Trymaliisque
1103 1284 1239 1360 dignosci

137 1370 244 1440 potest
288 1363 339 1423 Sic
365 1364 538 1442 Spyridinm
559 1366 784 1423 subochreatum
807 1386 825 1423 a
847 1364 1035 1441 Cryptandra
1058 1364 1239 1442 spyridioide

138 1444 244 1504 florum
257 1444 449 1521 dispositione
463 1445 517 1503 vix
531 1445 637 1515 differt,
654 1446 705 1504 sed
719 1445 800 1502 illius
817 1447 904 1503 flores
923 1446 1099 1503 involucello
1118 1444 1239 1520 speciali

138 1522 333 1601 Cryptandrae
347 1526 443 1584 orbati
457 1532 534 1584 sunt.
577 1526 644 1583 Hoc
660 1524 831 1601 Spyridium
845 1525 1080 1596 subochreatum,
1095 1534 1239 1600 quantum

138 1604 207 1673 scio,
226 1605 316 1664 unica
331 1618 377 1665 est
395 1607 578 1678 rhamnacea,
598 1625 663 1680 quea
677 1625 694 1664 e
708 1606 804 1680 plagia
817 1606 979 1664 Australiae
997 1606 1188 1663 orientalibus
1206 1605 1238 1662 in

138 1683 335 1744 occidentales
348 1686 466 1762 migrat.
501 1686 587 1745 Disci
597 1687 704 1745 locatio
714 1695 744 1744 et
754 1687 852 1762 figura
862 1686 1084 1744 affirmationem
1097 1704 1239 1760 generum

138 1763 285 1841 Trymalii
301 1765 433 1843 Spyridii
446 1773 477 1825 et
491 1766 685 1844 Cryptandrse
704 1786 807 1842 parum
827 1766 958 1842 adjuvat.
1000 1767 1194 1825 Bractearum
1209 1773 1239 1824 et

138 1843 354 1904 bracteolarum
375 1847 539 1923 dispositio,
560 1847 677 1922 legibus
698 1865 757 1905 non
778 1847 958 1906 sufficienter
977 1846 1167 1923 investigatis
1187 1847 1238 1905 ob·

136 1930 312 2001 temperans,
327 1927 467 1986 ulteriore
480 1935 549 2003 eget
563 1928 751 1986 scrutatione.

178 2005 283 2065 Flores
297 2025 429 2083 cymosos
443 2008 626 2083 paniculatos
637 2027 665 2065 v.
677 2006 851 2065 umbellatos
864 2007 1028 2083 reperimus
1041 2008 1073 2065 in
1087 2006 1240 2083 Trymalio

138 2091 169 2147 et
184 2085 217 2144 in
229 2085 440 2146 Pomaderrido
458 2096 565 2163 praeter
580 2087 616 2146 P.
631 2087 814 2154 betulinam;
834 2094 896 2145 tam
916 2087 1033 2146 sessiles
1049 2106 1137 2162 quam
1155 2086 1238 2161 pedi·

138 2166 259 2225 collatos
284 2167 314 2224 in
334 2165 546 2245 Cryptandra3
574 2168 690 2226 sessiles
712 2187 741 2225 v.
766 2164 937 2226 subsessiles
959 2174 989 2226 et
1010 2168 1186 2244 glomeratos
1207 2166 1240 2224 in

141 2244 554 2403 spgiipirlri’aemtlgcrggssoesrrlrlgil
555 2267 598 2385 s11111
606 2266 780 2405 efflffiiis
801 2333 832 2386 et
852 2328 1000 2403 plerisque
1020 2326 1239 2386 Pomaderridis

139 2407 313 2484 speciebus;
334 2426 448 2483 semper
462 2409 653 2484 persistentes
667 2426 742 2483 saepe
756 2417 900 2468 concretae
914 2415 945 2468 et
958 2409 1194 2484 intrapetiolares
1207 2408 1240 2465 in

140 2484 287 2562 Spyridiis
300 2494 331 2546 et
345 2487 549 2565 Cryptandris.
795 2493 797 2499 '

179 2567 313 2625 Braoteae
324 2576 356 2626 et
369 2569 523 2627 bracteolae
538 2569 668 2627 deciduae
683 2569 797 2626 suntin
811 2568 1021 2627 Pomaderride
1035 2576 1066 2627 et
1078 2568 1239 2644 Trymalio‚

139 2649 330 2723 persistentes
346 2649 375 2705 in
392 2648 529 2725 Spyridio
544 2659 574 2708 et
589 2650 783 2726 Cryptandra.

181 2725 301 2803 calycis
314 2729 396 2786 lobos
410 2731 572 2804 reperimus
586 2731 725 2787 deciduos
737 2732 766 2785 in
780 2728 932 2805 Trymalio
946 2728 1075 2785 ledifolio
1090 2736 1120 2785 et
1133 2729 1239 2785 Poma·

140 2807 306 2866 derridibus
316 2810 450 2867 omnibus
461 2818 585 2883 excepta
596 2810 629 2866 P.
642 2828 807 2874 racemosa;
822 2809 873 2864 diu
885 2828 913 2865 v.
924 2809 1041 2864 omnino
1051 2809 1240 2882 persistentes

138 2887 171 2945 in
186 2889 346 2964 'Pnymaliis
360 2890 474 2948 duobus
488 2897 519 2948 et
533 2889 667 2948 omnibus
684 2888 817 2967 Spyridii
831 2894 861 2947 et
876 2887 1071 2964 Cryptandree
1089 2889 1240 2964 speciebus

138 2985 186 3026 me
202 2970 388 3029 examinatis.
1284 2986 1287 2991 ·

181 3048 286 3107 Tubus
300 3050 409 3127 calycis
423 3052 502 3110 ultra
515 3071 636 3127 germen
646 3052 725 3109 haud
736 3058 788 3110 aut
798 3051 852 3108 vix
863 3050 1024 3127 productus
1035 3056 1080 3108 est
1091 3050 1121 3107 in
1132 3050 1239 3107 Poma·

140 3127 265 3199 derride,
282 3129 434 3206 Trymalio
452 3132 600 3208 plerisque
620 3132 787 3209 Spyridiis3
812 3131 986 3189 brevissime
1006 3131 1085 3189 ultra
1105 3132 1239 3189 ovarium

138 3209 277 3268 extendit
291 3210 322 3266 in
337 3210 448 3285 aliquot
463 3211 675 3288 Cryptandris3
698 3211 854 3286 conspicue
869 3211 1048 3287 cylindrious
1062 3219 1107 3269 est
1121 3212 1151 3268 in
1166 3230 1239 3269 non-

138 3289 230 3346 nullis
244 3287 441 3366 Cryptandris
456 3292 533 3349 sicut
546 3294 577 3349 in
593 3292 723 3369 Spyridii
739 3294 868 3350 sectione
884 3291 1104 3351 Stenanthemo.

180 3367 286 3428 Petale
299 3388 413 3445 semper
426 3371 543 3446 galeata
560 3380 590 3430 et
609 3392 684 3448 saepe
698 3374 871 3430 brevissime
885 3392 914 3430 v.
928 3391 987 3428 non
1002 3371 1194 3447 unguiculata
1207 3371 1240 3428 in

142 3447 304 3525 Trymalio,
335 3449 474 3526 Spyridio
496 3458 526 3510 et
551 3451 747 3527 Cryptandra,
775 3451 960 3528 longiuscule
987 3451 1181 3527 unguiculata
1207 3451 1239 3508 in

124 3527 350 3598 ‚Pomaderride
364 3548 418 3589 nec
432 3550 491 3589 non
506 3533 537 3589 in
553 3532 740 3608 Cryptcndra
752 3532 987 3610 longistaminea.

181 3608 347 3667 Filamenta
364 3630 393 3668 v.
414 3612 628 3669 ilementorum
656 3631 724 3686 pars
748 3612 842 3670 libera
865 3611 1059 3669 inveniuntur
1085 3611 1191 3670 brevia
1208 3631 1239 3671 v.

139 3687 315 3747 brevissima
324 3690 354 3746 in
365 3689 519 3767 Spyridiis,
526 3692 686 3767 Trymeliis
695 3700 725 3749 et
734 3692 880 3766 plerisque
886 3691 1082 3767 Cryptandris
1091 3716 1098 3760 ;
1109 3692 1240 3768 longius·

139 3767 207 3827 cuia
220 3769 383 3828 obveniunt
396 3772 429 3828 in
441 3771 650 3831 Pomaderride
669 3773 775 3848 quavis
794 3772 871 3830 sicut
889 3772 921 3829 in
936 3772 1125 3851 Cryptandra
1143 3773 1238 3849 longi·

65 3910 68 3915 ,
139 3848 292 3907 staminea.

178 3930 333 3989 Anthercs
346 3931 475 3989 minutas
492 3933 745 3991 renato-cordatas
761 3933 824 3991 vidi
840 3933 872 3989 in
891 3933 970 3991 omni
984 3932 1145 4009 Trymalio,
1163 3929 1239 4008 Spy-

140 4007 217 4066 ridio
236 4010 373 4086 (inclusis
391 4010 602 4070 Stenanthemo
615 4020 646 4072 et
662 4012 847 4090 Stenodisco)
863 4020 893 4070 et
906 4012 1037 4088 qualibet
1052 4011 1240 4088 Cryptandra

140 4086 269 4165 (scilicet
285 4089 483 4149 Wichuraeam
502 4089 685 4170 includente)
695 4115 703 4162 3
731 4093 908 4169 majusculas
927 4093 958 4148 in
978 4093 1112 4149 omnibus
1132 4092 1239 4150 Poma·

140 4168 268 4227 derridis
290 4171 450 4245 speciebus,
475 4179 505 4231 et
526 4171 589 4231 fare
610 4172 751 4250 oblongas
776 4175 807 4232 in
831 4189 1005 4248 quacunque
1029 4171 1240 4232 Pomaderride

139 4256 266 4325 excepta
278 4249 313 4309 P.
328 4251 465 4310 biaurita.

182 4328 287 4410 Stylus
318 4331 465 4392 indivisus
493 4332 623 4392 occurrit
649 4333 682 4392 in
708 4339 771 4393 toto
797 4351 906 4412 genere
935 4331 1067 4410 Spyridii
1095 4350 1177 4408 aque
1205 4349 1240 4391 ac

1057 4429 1080 4473 N
