2924 5002
751 516 790 576 76

258 676 311 735 Ad
323 676 411 735 litora
425 694 548 735 arenosa
561 694 578 736 e
591 677 703 736 vicinia
723 677 805 734 sinus
820 675 974 752 Spencer's
988 673 1067 735 Gulf
1083 694 1177 751 usque
1196 678 1234 735 ed
1253 695 1320 753 pro·

216 759 393 815 montorium
410 756 545 828 Wilsoni,
563 775 618 816 nec
637 775 696 814 non
714 775 768 832 per
788 775 900 814 eremos
919 757 1017 814 alacu
1033 756 1162 816 Torrens
1176 775 1270 831 usque
1284 758 1322 815 ad

215 838 338 895 flumina
351 837 478 912 Darling
489 844 519 896 et
530 835 655 914 Murray
666 855 774 914 sparsa,
789 844 908 912 reperta
920 837 1010 894 etiam
1024 837 1062 894 ed
1075 838 1184 895 fiumen
1194 837 1321 896 Buchan

216 917 310 975 River
323 924 410 976 terrae
421 917 519 993 Gipps
533 917 626 990 Laud,
641 936 695 976 nec
710 936 768 975 non
782 917 813 974 in
829 917 988 975 Tasmania
1001 917 1066 975 loco
1077 917 1221 994 Badgcr’s
1232 918 1320 976 Head

215 998 312 1056 obvia.

257 1078 372 1136 Frutex
394 1077 593 1153 pluripedalis‚
619 1078 691 1135 satis
719 1077 840 1155 amplus,
864 1077 1041 1152 quibusdam
1063 1077 1173 1154 plantis
1197 1097 1214 1136 e
1238 1078 1320 1137 tribu

214 1157 485 1233 Lasiopetalearum
513 1159 593 1216 haud
620 1159 771 1216 absimilis.
814 1159 991 1216 Tomentum
1018 1165 1107 1217 tenue
1131 1178 1161 1217 v.
1186 1160 1320 1231 densum,

215 1239 342 1314 primum
363 1238 539 1309 fusccscens,
564 1238 682 1296 demum
709 1239 978 1314 nigro-canescens.
1020 1239 1106 1297 Folia
1132 1238 1320 1315 longitudine

218 1318 308 1396 343⁰
322 1320 476 1388 variantia,
491 1337 567 1394 saepe
581 1320 686 1377 obtusa
699 1338 727 1377 v.
744 1320 850 1377 leniter
864 1318 1055 1394 emarginata
1101 1317 1226 1398 Stipulae
1243 1316 1321 1379 ΙΨ

215 1399 320 1475 longae,
334 1399 421 1457 modo
433 1400 548 1457 tardius
562 1401 648 1457 modo
661 1400 750 1458 citius
764 1399 904 1457 deciduae.
939 1399 1106 1457 Pedunculi
1120 1418 1199 1458 nune
1212 1401 1320 1459 breves

214 1498 294 1538 nunc
316 1480 502 1554 longiusculi,
526 1480 664 1538 axillares
687 1488 716 1538 et
735 1481 914 1538 terminales.
955 1478 1059 1538 Flores
1084 1498 1169 1538 secus
1189 1480 1319 1539 ramulos

215 1560 383 1636 paniculum
396 1559 527 1617 foliatam
538 1580 567 1618 v.
579 1561 609 1616 in
622 1561 705 1635 apice
716 1560 895 1618 ramulorum
906 1559 1072 1635 paniculum
1083 1560 1233 1636 aphyllam
1248 1580 1319 1618 con·

215 1641 380 1699 stituentcs.
421 1640 565 1698 Pedicelli
584 1641 685 1717 calyce
706 1641 772 1716 plus
796 1641 931 1698 minusve
955 1640 1113 1712 breviores,
1133 1659 1201 1698 raro
1220 1647 1319 1699 autem

214 1720 349 1778 nonnulli
364 1721 453 1795 duplo
467 1721 622 1795 longiores.
664 1720 828 1778 Bracteolae
847 1721 966 1778 circiter
990 1717 1026 1776 l¹‘'
1046 1720 1149 1796 longae.
1193 1720 1320 1799 Calyces

217 1798 314 1878 13-2m
322 1800 412 1876 longi,
423 1807 510 1857 extus
522 1819 588 1858 cum
597 1800 771 1875 pedunculis
782 1800 933 1876 pedicellis
944 1801 1159 1876 bracteolisque
1170 1802 1319 1860 velutino·

213 1881 388 1948 tomentosi;
409 1880 468 1937 lobi
482 1880 566 1938 tarde
581 1879 636 1939 sub
651 1880 766 1938 fructus
785 1881 957 1938 maturitate
974 1880 1153 1953 secedentes,
1171 1882 1253 1939 intus
1272 1883 1319 1940 in·

213 1960 331 2018 terdum
356 1960 471 2019 rubelli.
517 1958 651 2018 Stamina
677 1979 745 2019 raro
767 1979 837 2019 casu
865 1961 1023 2037 duplicata,
1048 1969 1121 2019 tunc
1145 1962 1319 2038 geminatim

214 2041 324 2117 calycis
352 2041 427 2099 lobis
455 2041 577 2099 alterna.
626 2040 793 2099 Filamenta
819 2041 895 2099 lobis
922 2042 1032 2117 calycis
1065 2060 1141 2117 saepe
1171 2043 1317 2102 breviora.

213 2121 358 2180 Antherae
376 2121 470 2192 fiavae,
493 2118 529 2198 lm
548 2122 603 2182 vix
621 2121 776 2197 longiores,
795 2121 935 2197 oblongae,
955 2122 1019 2180 basi
1036 2130 1067 2179 et
1086 2122 1170 2198 apice
1192 2123 1318 2199 emargi-

213 2209 299 2259 natse.
344 2201 445 2278 Stylus
464 2202 583 2259 circiter
598 2198 636 2277 {m
649 2202 764 2277 longus.
807 2200 943 2278 Capsulae
956 2201 1090 2278 globoso·
1105 2222 1135 2260 v.
1150 2203 1316 2262 turbinato-

213 2283 354 2350 obovatae,
374 2278 606 2357 ll·12'''l⁰1¹gae2
627 2281 954 2340 velutino-tomentosae.
996 2283 1147 2358 Apertura
1168 2284 1246 2341 ultra
1266 2303 1317 2342 en·

213 2361 345 2436 docarpii
364 2361 490 2419 mediam
509 2361 615 2419 faciem
634 2380 663 2419 v.
684 2362 833 2419 interdum
848 2361 909 2421 fere
929 2363 1064 2438 margine
1077 2370 1164 2421 tenus
1182 2369 1316 2423 extensa.
1422 2384 1425 2388 ⁸

215 2441 321 2501 semen
345 2449 474 2510 ovatum,
503 2441 609 2499 leviter
636 2460 842 2517 compressum,
864 2443 971 2512 nitens,
995 2442 1168 2514 brunneum,
1191 2443 1254 2502 fere
1279 2441 1317 2522 ζ’
1401 2499 1404 2503 Α

212 2521 342 2660 {ppgum
362 2521 443 2592 laeve,
467 2521 629 2598 strophiolo
654 2522 746 2581 livido
768 2523 942 2582 carnulenta
961 2523 1124 2582 bilobulato
1139 2523 1205 2582 basi
1224 2542 1316 2601 cupu-

256 2621 313 2660 um.

589 2795 783 2854 Pomaderrie
798 2795 942 2855 betuliae.
1264 2865 1265 2868 Ἴ

238 2906 292 2957 All
304 2905 389 2958 Canu.
401 2906 429 2957 in
440 2906 525 2957 Hoolu
536 2906 595 2957 Bot.
608 2907 679 2969 Mag.
691 2913 710 2958 t
722 2913 786 2957 3212
799 2928 805 2967 ς
822 2907 910 2958 Fenzl
921 2907 1017 2959 Enum.
1028 2907 1115 2959 Plant
1127 2907 1237 2971 Hnegel
1249 2913 1288 2959 22.

253 3008 416 3076 Fruticosa,
432 3007 554 3064 ramulis
568 3006 900 3079 villosulo-tomentosis‚
915 3006 995 3065 foliis
1008 3007 1082 3065 lato-
1097 3027 1126 3068 v.
1138 3009 1315 3068 orbiculato·

212 3106 242 3145 v.
259 3087 511 3145 rhombeo·0vatis
524 3106 555 3145 v.
569 3086 784 3145 orbicularibus
801 3087 1127 3163 undulata-repandulis
1141 3107 1231 3166 supra
1244 3108 1315 3166 peu-
1356 3112 1359 3117 ’

212 3166 467 3224 ninervi-sulcatis
485 3172 516 3224 et
537 3167 666 3224 tenuiter
683 3167 913 3243 simpliciterque
931 3167 1159 3244 pubescentibus
1178 3189 1237 3228 non
1257 3171 1316 3228 nisi

212 3247 376 3322 marginem
395 3263 498 3304 versus
514 3247 753 3322 venosa-rugatis
774 3248 877 3306 subtus
895 3254 1026 3306 tomento
1044 3248 1155 3324 pallido
1173 3250 1316 3309 velutinis

211 3332 244 3386 et
253 3327 453 3402 prominentes
463 3327 591 3396 castatis,
604 3326 722 3402 stipulis
736 3328 1000 3387 lineari-subulstis
1013 3329 1064 3386 diu
1079 3330 1315 3404 persistentibus,

202 3406 339 3486 floribus
362 3406 493 3483 epotatis
516 3408 549 3464 in
573 3406 712 3485 capitula
732 3409 862 3487 aphyila
883 3408 1166 3468 villoso-tomentora
1186 3408 1316 3468 breviter
1392 3459 1397 3464 .

207 3487 416 3565 petiunculam
430 3486 588 3546 bracteolis
603 3487 675 3545 lutis
688 3487 800 3547 obtusis
813 3488 1004 3548 invulnerata
1018 3491 1171 3564 congestis,
1182 3491 1315 3549 antheris

212 3567 392 3641 majusculis,
414 3568 491 3644 stylo
512 3567 617 3643 gracili
631 3568 733 3644 glabro
747 3570 854 3641 trifido,
870 3571 997 3645 capsubs
1011 3571 1313 3641 villoso-tomentosis,

211 3649 306 3706 coccis
328 3666 413 3705 teras
431 3657 568 3706 saturam
596 3648 716 3725 inferne
743 3649 961 3708 deldrcmtibas
984 3668 1039 3709 nec
1060 3650 1199 3726 operculo
1222 3669 1313 3710 mem·

211 3726 321 3786 braneo
334 3745 390 3785 nec
403 3727 493 3785 valva
506 3728 647 3786 distincta
660 3730 779 3805 apertis.

252 3808 304 3866 Ad
322 3808 416 3882 ripam
435 3807 746 3885 glareoso·rupestrem
766 3809 851 3868 fluvii
868 3808 973 3868 Genea
991 3809 1103 3877 River;
1124 3811 1159 3868 F.
1175 3811 1218 3870 M.
1261 3809 1314 3868 Ad

210 3888 320 3946 flumen
331 3888 503 3962 Macquarie
517 3906 607 3963 prope
620 3890 724 3948 urbem
737 3889 900 3956 Bathurst;
921 3888 984 3948 All.
999 3889 1219 3965 Cunningham.

251 3970 368 4028 Frutex
381 3968 472 4027 variae
486 3968 661 4027 altitudinis.
695 3969 781 4027 Folia
794 3969 951 4045 conspicue
964 3970 1113 4045 petiolats,
1131 3967 1201 4046 l-l'¹
1214 3970 1312 4046 longa,

212 4069 301 4126 supra
321 4049 392 4125 pilis
412 4049 594 4125 simplicibus
617 4049 764 4124 appressis
779 4049 897 4120 vestita,
916 4051 1021 4107 subtus
1039 4050 1211 4109 indumento
1230 4050 1314 4109 molli

210 4130 297 4189 brevi
311 4137 450 4188 contexto
463 4129 662 4205 pallescentia,
678 4130 761 4204 apice
774 4130 880 4186 obtusa
891 4148 921 4187 v.
936 4137 1044 4200 retusa,
1059 4131 1192 4206 margine
1205 4130 1314 4188 leniter

211 4218 263 4268 aut
276 4211 331 4267 vix
343 4228 477 4269 recurva
515 4209 638 4284 Stipulae
655 4206 751 4284 13-3m
765 4208 869 4284 longae.
884 4227 954 4266 mox
967 4217 1140 4268 recurvatae.
1173 4209 1315 4284 Capitula

211 4290 379 4348 terminalia
395 4297 427 4348 et
450 4307 576 4364 superne
600 4289 745 4359 axillaria,
768 4289 901 4347 solitaria
917 4308 946 4347 v.
968 4306 1065 4363 pauca
1083 4288 1311 4365 conglomerata,

211 4368 377 4444 pedunculo
398 4369 570 4428 semunciali
586 4387 616 4426 v.
634 4369 770 4428 breviore
785 4369 917 4444 predita,
932 4368 1311 4445 tomentoso-pubescentia.
