2924 5002
699 523 755 579 165

175 688 255 746 baud
266 685 434 762 variegatis,
449 682 619 758 strophiolis
636 680 827 758 longioribus,
842 678 941 738 valvis
955 678 1080 754 capsulas
1095 676 1277 736 tenuioribus

176 777 207 826 et
220 769 299 827 notis
313 775 400 826 antea
413 765 615 842 promulgatis.

384 1145 617 1196 manustra
641 1145 685 1194 ΔΙ)
710 1143 866 1195 votum
891 1141 1073 1192 saturnum

489 1408 627 1468 Scaevola
650 1407 905 1486 simpliciam-p.
923 1410 969 1466 18.

219 1508 249 1568 S.
265 1514 443 1579 tomentosae,
460 1505 556 1566 Gaud.
573 1506 604 1563 in
619 1505 725 1584 Freyc.
739 1505 818 1581 Voy.
833 1506 903 1582 460,
918 1510 939 1562 t.
957 1505 1004 1576 81,
1020 1503 1124 1562 affinis.

531 1681 666 1742 Sturmia
681 1681 872 1762 reflexa-p.
888 1680 906 1744 7
908 1683 937 1740 2.

219 1781 371 1858 Nuperins
385 1781 547 1856 specimina
564 1781 636 1840 viva
656 1781 686 1839 in
705 1782 791 1840 horto
805 1781 942 1839 botanioo
957 1778 1184 1858 Melbournensi
1201 1778 1281 1837 culta

180 1880 352 1938 comparans
374 1861 476 1918 notavi
498 1862 587 1920 hasce
609 1861 820 1933 differentians,
846 1861 952 1934 quibus
976 1861 1078 1936 planta
1090 1859 1242 1917 Australis
1263 1878 1281 1917 a

179 1943 214 2000 L.
240 1942 345 2000 foliosa
372 1941 555 1999 Mauritiana
583 1942 743 2000 secundum
768 1940 832 2015 ejus
860 1941 1081 2014 discriptionem
1108 1947 1138 1997 et
1165 1941 1280 1998 iconem

180 2021 263 2097 (Bot.
286 2022 360 2097 Reg.
385 2022 458 2099 882)
482 2021 684 2096 distinguitur.
729 2021 806 2081 Sunt
828 2021 982 2079 bracteolas
1004 2019 1189 2095 longitudine
1210 2038 1280 2077 ova·

178 2105 298 2172 riorum,
313 2119 369 2159 nec
388 2102 546 2177 conspicue
563 2103 734 2170 breviores3
754 2103 840 2159 flores
863 2101 961 2158 minus
981 2100 1147 2168 distantes3
1168 2100 1280 2158 clinan-

180 2183 277 2240 drium
312 2200 427 2239 sursum
461 2182 641 2250 dilatatum3
675 2181 814 2240 labellum
848 2181 910 2240 fere
940 2179 1280 2251 obcordato-cuneatum,

180 2280 262 2338 paene
277 2261 446 2333 refractum,
461 2262 572 2320 idcirco
587 2262 775 2332 descendens,
790 2262 918 2320 medium
935 2278 1037 2320 versus
1062 2261 1146 2318 callis
1168 2260 1282 2318 duobus

179 2344 250 2399 rufis
268 2342 414 2417 elongatis
437 2344 561 2401 obscure
585 2342 789 2414 bicarinatum,
815 2343 899 2418 apice
920 2342 1052 2399 breviter
1074 2340 1214 2412 bilobum,
1236 2342 1281 2398 in·

180 2431 295 2480 trusum
309 2429 339 2480 et
353 2422 466 2481 minute
482 2423 703 2481 denticulatum.
746 2422 828 2481 Odor
848 2423 953 2481 florum
975 2421 1050 2480 lenis
1064 2427 1095 2479 et
1108 2422 1282 2480 inamoenus.

453 2608 662 2686 Pittosporum
676 2606 948 2683 accusabam-p.
964 2606 1013 2666 78.

218 2705 255 2764 In
269 2706 419 2765 montibus
434 2706 471 2763 ad
484 2706 593 2764 flumen
608 2705 731 2782 Fitzroy
745 2704 846 2763 River.
888 2703 920 2762 J.
934 2702 1090 2778 Dallachy.

221 2787 423 2845 Altitudinem
446 2785 493 2844 50¹
517 2787 633 2844 attinet.
676 2785 788 2845 Cortex
816 2785 959 2854 cinereus,
984 2784 1076 2841 laevis.
1119 2783 1283 2840 Bracteolas

179 2866 471 2926 lineari-lanceolata.
525 2865 632 2942 Sepala
652 2874 777 2942 anguste
790 2865 962 2938 lanceolata,
978 2863 1154 2938 acuminata,
1170 2864 1285 2921 corollae

182 2947 320 3006 trientem
341 2951 395 3005 vix
420 2947 598 3023 superantia,
620 2946 752 3021 aqualia,
774 2944 912 3004 ciliolata
968 2944 1073 3002 Petala
1100 2943 1219 3002 circiter
1246 2941 1285 3000 41¹

181 3028 277 3104 longa,
312 3027 421 3099 albida,
456 3027 568 3104 glabra,
607 3035 702 3099 acuta,
745 3033 870 3102 anguste
902 3025 1075 3083 lanceolata.
1140 3023 1285 3083 Antherae

180 3107 430 3183 oblongo-orales,
444 3109 594 3166 filamento
608 3115 713 3182 quater
725 3107 885 3167 breviores
928 3105 1058 3166 German
1079 3112 1283 3164 tomentosum.

183 3186 285 3266 Stylus
300 3189 419 3248 circiter
435 3185 471 3245 1¹¹'
485 3189 598 3265 longus,
615 3188 725 3266 glaber.

535 3381 659 3459 Myrtus
680 3381 878 3457 Teucria-p.
894 3382 942 3439 86.

221 3481 257 3539 In
273 3480 370 3539 insula
382 3480 449 3538 Aah
464 3479 577 3538 Island.
621 3479 661 3537 A.
679 3479 726 3539 W.
744 3477 837 3538 Scott.

395 3671 646 3750 Aprostocrinum
666 3673 981 3751 stypundroides.-p.
1002 3671 1051 3728 95.

222 3771 320 3848 Prope
337 3769 443 3831 Scott's
457 3770 558 3829 Brook
573 3778 603 3830 et
617 3768 699 3847 Cape
712 3771 841 3846 Paisley.
882 3769 948 3826 Mx.

467 3963 656 4023 Eriostemon
677 3963 911 4040 Rulstonii.-p.
938 3965 1003 4022 101.

185 4142 204 4200 d
225 4062 364 4121 Occurrit
388 4061 477 4122 etiam
499 4062 529 4120 in
549 4060 686 4121 herbario
707 4061 921 4134 Leichhardtii,
944 4056 996 4118 sed
1017 4059 1118 4119 nescio
1141 4077 1199 4133 quo
1222 4058 1287 4117 loco

205 4149 328 4202 etectus.
432 4147 436 4153 '

436 4285 650 4345 Atetmosetas
663 4286 961 4364 rhodopetalus.-p.
979 4287 1044 4344 113.

225 4383 322 4461 Prope
337 4381 571 4459 Rookhampton.
605 4383 760 4461 Dallaohy.
