2924 5002
746 525 786 580 80

551 678 729 759 Spyridium
743 679 970 759 serpyllaceam.

212 789 306 842 Benth.
317 792 345 841 iu
356 789 436 851 Litt.;
455 790 621 854 Trymslium
632 791 829 855 serpyliseeum,
843 792 925 842 Reiss.
938 792 961 841 lc
975 790 1064 842 Muell.
1075 790 1103 840 ln
1114 791 1231 850 manete,
1243 791 1315 840 xxix.

375 861 439 916 2⁸03
457 855 626 919 Cryptandra
636 856 785 916 obsordata,
795 855 821 907 J.
833 857 918 907 Hook.
929 856 969 907 Fl.
981 856 1067 906 Tarm.
1079 856 1097 906 i
1109 859 1148 907 71.

252 954 448 1028 Fruticulosa,
470 955 666 1015 erectiuscula
682 975 711 1014 v.
729 962 883 1032 prostrata,
904 957 1026 1014 ramulis
1046 954 1314 1015 stellari-subvela-

212 1036 292 1107 tinis,
305 1035 394 1112 foliis
406 1038 515 1112 parvis
531 1035 841 1094 rancato-obcerdatir
857 1037 955 1095 eadee
977 1037 1151 1094 tridentotis
1167 1055 1196 1094 v.
1216 1037 1315 1094 esinu

212 1116 361 1174 terminali
380 1116 535 1190 apiculatie
552 1122 582 1174 et
599 1116 738 1191 utrinque
756 1116 788 1173 in
808 1116 907 1174 lobum
927 1116 1152 1191 integerrimum
1165 1135 1195 1174 v.
1209 1115 1312 1173 biden-

211 1202 307 1253 tatum
329 1196 480 1272 productis
504 1195 698 1271 planiusculis
716 1215 745 1254 v.
769 1196 902 1272 margine
924 1203 1048 1272 anguste
1070 1196 1205 1254 recurvis
1225 1214 1314 1270 supra

211 1276 385 1335 tenuissime
406 1275 635 1351 pubescentibus
653 1295 683 1334 v.
702 1274 846 1352 glabratis
869 1275 973 1334 subtus
992 1276 1240 1346 tenui-velutinis,
1261 1275 1314 1332 sti-

212 1355 291 1430 pulis
312 1356 538 1431 persistentibus
562 1355 908 1414 ovato-semilanceolatis
933 1356 1117 1425 acuminatis,
1140 1354 1315 1432 plomerulis

212 1436 245 1493 in
267 1454 382 1512 mnsam
396 1433 543 1512 foliolum
569 1435 755 1493 terminalem
774 1435 926 1513 confertis,
948 1436 1076 1494 bracteis
1100 1435 1315 1509 bracteolisque

212 1516 282 1573 latis
296 1515 531 1591 persistentibus,
546 1515 697 1591 calycibus
712 1515 863 1574 sessilibus
877 1515 1062 1586 tomentellis,
1074 1515 1180 1591 petalis
1190 1515 1316 1590 galeatis

212 1595 344 1654 breviter
371 1595 573 1670 unguiculatis
598 1595 752 1654 antherum
779 1595 1007 1668 includentibus,
1035 1596 1114 1673 stylo
1141 1595 1316 1653 brevissimo

212 1675 316 1750 glabro
327 1675 464 1747 indiviso,
476 1673 604 1751 capsulis
618 1671 728 1753 calycis
741 1673 833 1733 limbo
848 1677 1002 1747 coronatis,
1014 1677 1107 1734 coccir
1120 1674 1316 1733 membraneis

212 1754 475 1813 indehiscentibus.

252 1833 305 1891 Ad
318 1852 351 1892 os
364 1833 494 1891 fluminis
509 1831 614 1892 Genea
627 1832 728 1904 River,
744 1833 778 1891 F.
792 1833 834 1891 M.
876 1833 913 1891 In
929 1833 1087 1893 Tasmania
1103 1834 1141 1892 ad
1160 1833 1248 1893 colles
1261 1835 1314 1892 ba·

212 1913 331 1972 salticos
353 1914 515 1973 secundum
537 1913 648 1971 flumen
664 1913 773 1971 Tamar
791 1920 822 1971 et
839 1913 871 1970 in
888 1913 1039 1972 montibus
1057 1913 1203 1972 Asbestos
1221 1913 1312 1987 Hills,

212 1993 250 2132 lsi.
273 1993 364 2133 Gung
386 1993 443 2133 iside
462 1993 492 2052 J.
513 1990 658 2063 Hooker;
674 2011 766 2071 prope
786 1993 889 2053 urbem
903 1993 1071 2052 Yorktown
1091 2001 1122 2054 et
1140 1995 1178 2053 ad
1195 2001 1313 2071 portum

239 2074 320 2146 orell,
363 2117 370 2132 .
410 2080 432 2133 t.

255 2153 352 2230 Stirps
369 2154 400 2212 in
418 2159 500 2212 terra
519 2151 616 2229 Gipps
629 2152 716 2212 Laud
736 2153 860 2213 collecta
878 2171 1020 2230 pygmea,
1039 2153 1083 2211 bi·
1101 2171 1195 2229 usque
1210 2153 1313 2228 pauci·

213 2234 384 2311 pollicaris3
416 2233 594 2292 Tasmaniea
622 2233 756 2292 caulibus
784 2252 860 2309 saepe
887 2234 1090 2310 sesquipedem
1117 2233 1313 2292 attinentibus

213 2311 432 2390 gracilibusque
445 2312 561 2388 vigens.
602 2313 688 2372 Folia
701 2311 780 2371 2-5‘l
799 2315 895 2389 longa,
915 2314 1047 2374 breviter
1062 2313 1211 2391 petiolata,
1234 2331 1314 2373 nunc

213 2392 308 2469 magis
320 2393 472 2464 herbacea,
487 2410 566 2451 nunc
579 2392 675 2468 magis
688 2393 828 2465 coriacea,
843 2412 932 2468 supra
946 2412 1104 2453 nervorum
1121 2393 1313 2468 impressione

212 2473 293 2531 haud
306 2472 445 2530 distincte
459 2472 579 2541 sulcate,
591 2472 675 2548 apice
689 2475 771 2532 varie
784 2475 893 2532 excisa
928 2472 1053 2550 Stipnlee
1066 2473 1312 2549 intrapetiolares,

215 2549 314 2630 l—lll'
338 2552 442 2628 lougae,
460 2553 547 2610 dorso
567 2552 902 2624 villosulotomentellae,
926 2554 992 2613 basi
1012 2557 1180 2621 coneretae3
1207 2570 1249 2610 eae
1268 2552 1312 2611 fo·

212 2631 320 2691 liorum
344 2632 491 2690 floralium
514 2632 627 2705 latiora,
650 2633 739 2691 altius
763 2640 896 2691 connatae
919 2640 949 2693 et
972 2632 1135 2710 glomerulo
1157 2651 1311 2711 appressae.

214 2711 380 2773 Glomeruli
393 2719 482 2770 extus
495 2710 566 2770 folio
579 2711 674 2771 florali
689 2713 813 2771 caulinis
823 2712 967 2771 conformi
977 2715 1029 2773 sed
1039 2732 1129 2789 supra
1142 2709 1317 2773 tenuissime

213 2792 435 2852 ceno-velutino
445 2791 566 2863 suffulti,
578 2792 609 2850 in
620 2811 736 2870 cymam
746 2794 912 2869 depressam
922 2794 1011 2852 uncia
1024 2811 1100 2869 saepe
1114 2793 1314 2869 angustiorem

213 2873 338 2932 collecti.
379 2872 542 2932 Bracteolae
568 2872 818 2942 castaneo-fusce,
843 2872 960 2932 inferne
981 2873 1166 2943 tomentellae‚
1186 2875 1314 2949 primum

214 2953 312 3012 autiee
334 2959 469 3025 acutatae,
488 2954 606 3012 demum
627 2954 778 3024 obtusatae,
799 2952 918 3011 circiter
939 2950 975 3010 1'''
994 2954 1098 3029 longae.
1141 2953 1238 3032 calyx
1259 2955 1314 3011 sub

213 3033 329 3092 authesi
356 3032 411 3091 vix
437 3033 546 3091 lineam
575 3033 690 3107 longus,
723 3033 921 3091 medio-tenus
953 3034 1168 3109 quinquefidus.
1209 3033 1315 3091 Petale

213 3113 388 3189 perminute,
406 3130 506 3187 ungue
523 3113 607 3170 tenui
625 3111 761 3170 deorsum
781 3118 900 3171 scutato
920 3113 1051 3189 praedite,
1069 3120 1103 3171 ut
1122 3114 1153 3170 in
1168 3131 1313 3188 congene-

212 3193 296 3250 ribus
319 3191 515 3267 persistentia.
556 3190 701 3250 Antherae
723 3192 913 3264 subcordatae,
936 3192 1073 3251 minimae.
1116 3192 1219 3270 Stylus
1240 3193 1314 3269 stig·

214 3278 293 3330 mate
311 3270 481 3329 indistinete
501 3269 610 3328 trilobo
626 3270 810 3331 terminatus.
851 3272 967 3332 Vertex
988 3273 1129 3348 germinis
1149 3273 1313 3349 depressus,

213 3351 401 3428 glabrescens
411 3369 440 3409 v.
452 3349 622 3409 tenuissime
632 3350 791 3423 velutinus,
804 3353 912 3410 annulo
922 3352 1051 3430 epigyno
1063 3353 1315 3429 quinquecrenato

214 3432 340 3491 cinctus.
381 3429 510 3506 capsula
530 3430 625 3507 calyci
641 3431 760 3489 omnino
780 3432 923 3503 immersa,
943 3432 1175 3508 globoso-ovate,
1194 3433 1314 3491 circiter

217 3508 254 3570 1¹*
268 3512 365 3587 longa.
408 3509 498 3570 Oooci
513 3510 546 3568 in
563 3509 678 3570 fructus
697 3513 865 3587 speciminis
881 3513 983 3588 paucis
996 3512 1051 3570 vix
1068 3514 1232 3583 maturatis,
1247 3531 1314 3588 quae

215 3591 287 3664 vidi,
310 3589 498 3662 membranei,
520 3591 625 3666 glabri,
651 3609 736 3650 secus
764 3601 897 3651 suturam
922 3593 1094 3663 ventralem,
1123 3600 1157 3651 ut
1184 3600 1314 3669 apparet,

216 3671 332 3744 fissiles,
352 3671 404 3729 sed
420 3677 557 3730 monente
574 3671 618 3730 ill.
635 3671 667 3730 J.
683 3671 813 3744 Hooker,
833 3671 912 3730 haud
930 3679 1033 3748 sponte
1047 3673 1152 3749 aperti.
1195 3671 1316 3732 Semina

216 3758 312 3823 ovate,
328 3756 408 3809 statu
420 3758 536 3809 maturo
548 3751 659 3828 ignota.

259 3830 378 3906 Species
396 3831 434 3888 ad
455 3829 485 3890 S.
500 3831 690 3907 parvifolium
703 3831 854 3890 accedens.

257 3911 344 3970 Disci
367 3911 494 3969 annulus
517 3930 599 3988 aeque
618 3931 653 3971 ac
671 3912 703 3969 in
719 3911 932 3986 congeneribus
953 3911 1049 3988 calyci
1064 3911 1156 3987 juxta
1175 3912 1318 3989 germinis

217 3993 360 4052 verticem
371 3991 504 4063 adnatus,
516 4011 571 4050 nec
580 4011 647 4050 cum
656 3991 789 4067 germine
803 3999 957 4050 concretus
969 4012 978 4061 ;
999 3992 1069 4052 huic
1083 3993 1209 4052 stamina
1222 3998 1317 4064 enata,

218 4080 252 4131 ut
266 4073 298 4130 in
311 4071 459 4148 plerisque
476 4069 632 4150 spyridiis.

258 4151 343 4211 Disci
355 4159 453 4212 autem
468 4158 617 4212 structura
626 4156 657 4210 et
667 4151 742 4208 situs
756 4150 795 4209 ad
807 4169 918 4228 genera
931 4151 1101 4212 divellenda
1114 4171 1173 4212 non
1188 4152 1320 4212 sufficere

220 4232 370 4291 videntur.
