2924 5002
762 513 802 569 82

222 670 508 745 subtrigono-ovata‚
536 686 629 744 opaca
656 689 685 728 v.
712 671 815 740 nitida,
840 667 879 748 ξω
904 670 958 728 vix
981 670 1124 745 longiora,
1150 689 1167 729 e
1190 671 1273 728 fulvo
1294 677 1325 728 et

221 752 338 809 cinereo
359 751 484 825 nigrore
507 750 667 824 variegata,
690 750 839 807 interdum
858 749 1143 821 concolori-fulvida,
1163 751 1228 808 basi
1247 757 1324 808 stro·

220 830 321 906 phiolo
333 831 447 887 minuto
461 832 633 887 carnulento
647 828 709 888 fere
724 829 909 905 cymbiformi
924 830 1158 904 appendiculata.

262 909 434 986 Spyridium
447 909 664 985 eriocephalum
677 917 869 984 repraesentat
882 909 970 983 hujus
985 911 1093 984 speciei
1107 910 1232 967 formam
1248 909 1322 967 locis

219 991 326 1047 macris
348 990 491 1064 expositis
514 989 695 1063 glareosisve
718 997 843 1059 enatam,
867 1008 932 1063 quae
953 993 1116 1063 praesertim
1134 989 1261 1065 insignis
1277 998 1323 1047 est

219 1067 299 1126 foliis
317 1069 438 1125 minutis
460 1068 497 1124 ad
519 1076 629 1125 costam
648 1070 792 1126 revolutis
810 1069 893 1143 apice
906 1070 1040 1127 recurvis
1054 1078 1085 1127 et
1098 1068 1319 1138 mucronulatis,

219 1147 298 1207 foliis
319 1148 470 1205 floralibus
492 1165 568 1222 saepe
591 1147 628 1205 ad
650 1150 706 1204 1-2
728 1149 859 1207 reductis
881 1167 970 1223 supra
991 1149 1103 1224 glabris
1121 1150 1179 1207 nisi
1201 1150 1322 1207 omnino

219 1229 432 1297 deficientibus,
454 1226 590 1302 capitulis
609 1228 792 1295 minoribus3
814 1227 1003 1303 Cryptandra
1017 1229 1187 1287 vexillifera
1204 1229 1322 1287 exhibit

219 1309 326 1383 plantae
355 1315 465 1365 statum
491 1308 586 1381 magis
613 1307 822 1377 luxuriantem,
846 1326 905 1382 quo
932 1307 1011 1365 foliis
1038 1308 1198 1382 majoribus
1222 1309 1320 1366 minus

217 1387 371 1458 revolutis,
391 1386 470 1444 foliis
489 1385 642 1444 floralibus
662 1387 795 1461 pluribus
814 1387 985 1461 majusculis
999 1407 1088 1463 supra
1102 1389 1225 1464 pulchre
1239 1388 1320 1446 albo·

218 1468 360 1525 velutinis
378 1474 408 1524 et
424 1466 562 1541 capitulis
580 1465 742 1539 majoribus
763 1475 868 1532 ornata
886 1474 940 1526 est.
981 1468 1087 1526 Ambae
1107 1468 1211 1526 formis
1232 1469 1319 1526 innu-

218 1548 307 1606 meris
327 1545 488 1616 confluunt,
506 1546 598 1604 ambae
614 1547 790 1622 endocarpio
810 1554 912 1605 tenero
931 1549 1062 1622 praeditoe
1082 1556 1159 1618 sunt,
1175 1565 1234 1622 qua
1247 1554 1319 1606 nota

213 1627 255 1685 -sb
269 1626 405 1685 omnibus
419 1626 631 1701 congeneribus
651 1626 708 1684 bae
728 1629 881 1686 occasione
900 1628 1077 1685 examinatis
1095 1628 1246 1697 recedunt,
1264 1646 1317 1685 ex-

216 1707 312 1784 ceptis
324 1705 360 1764 P.
372 1706 553 1780 serpyllacea
565 1711 596 1764 et
608 1704 709 1763 forsan
723 1705 758 1763 P.
773 1706 976 1778 subochreata,
994 1706 1079 1781 cujus
1094 1715 1193 1766 autem
1208 1707 1320 1766 ultimae

216 1786 348 1847 valorem
361 1786 530 1860 specificam
543 1784 574 1841 in
585 1785 706 1842 dubium
720 1803 865 1844 vocarem.

259 1863 290 1923 S.
308 1863 433 1923 Stuartii
447 1872 478 1922 et
492 1865 523 1923 S.
533 1864 739 1940 thymifolium,
752 1865 876 1924 Reiss.l
889 1883 916 1924 e.
927 1867 1077 1934 289-290,
1089 1867 1169 1924 haud
1180 1867 1318 1942 specifice

216 1945 318 2005 differe
329 1945 469 2004 videntur
479 1943 559 2001 foliis
569 1944 628 2002 late
642 1945 738 2003 ovatis
751 1945 857 2020 planis.
893 1945 1078 2022 Trymalium
1088 1947 1200 2018 Behrii,
1213 1947 1317 2007 Muell.

215 2026 242 2084 iv
257 2026 352 2084 Reiss.
367 2024 399 2083 in
412 2025 543 2098 Linnaea,
558 2024 683 2084 ulterius
697 2025 933 2101 comparandum.

552 2233 730 2312 Spyridium
744 2233 978 2292 subocbreatam.

213 2355 297 2406 Reiss.
308 2353 336 2403 in
347 2353 463 2411 Linnaea,
474 2352 547 2402 xxix.
559 2355 605 2403 287
616 2372 623 2412 t
643 2351 811 2466 {bytinfflpm
823 2352 1032 2465 spppchreatum,
1048 2353 1078 2404 li.
1090 2353 1126 2404 M.
1137 2354 1166 2404 in
1178 2354 1315 2407 mamaea

670 2431 695 2465 10
708 2451 715 2465 ·
785 2431 820 2467 ,1.
881 2452 888 2467 .

254 2516 483 2584 mutieulosum,
505 2514 628 2572 ramulis
655 2515 894 2585 cano-velutinis,
908 2515 1003 2590 soliis
1025 2516 1192 2576 linearibus
1214 2539 1242 2576 v.
1263 2518 1315 2576 ob·

217 2595 487 2674 leupo-linearibus
504 2594 675 2671 oblonqr'sve
695 2596 830 2670 margine
848 2595 994 2654 revolatis
1012 2596 1153 2670 utrinque
1172 2598 1313 2657 velutinis

214 2698 244 2737 v.
255 2694 345 2753 supra
358 2675 469 2734 scabris
483 2675 715 2750 glaberrimisve,
727 2675 844 2751 stipulis
854 2675 1079 2751 persistentibus
1089 2677 1313 2737 innovationum

213 2758 330 2833 magnis
353 2755 647 2824 comeatu-connatis,
669 2755 846 2831 qlomerulir
869 2755 1213 2831 subrepam-confertis
1240 2757 1312 2817 folio

213 2840 349 2897 adstante
363 2835 499 2905 suffultis,
513 2835 670 2893 bracteolis
680 2835 748 2893 latis
758 2836 991 2911 persistentibus,
1003 2835 1152 2911 calycibus
1162 2838 1313 2896 sessilibus

213 2926 303 2978 extus
321 2918 411 2974 dense
430 2914 694 2986 albida-velutinis,
708 2914 783 2973 lobis
799 2916 871 2973 tubo
884 2915 1077 2984 brevioribus,
1093 2917 1198 2991 petalis
1213 2917 1312 2976 brevi-

213 2995 415 3074 unguiculatis
434 2995 587 3052 antheram
607 2995 813 3053 subcordatam
830 2995 1058 3067 includentibus,
1078 2997 1156 3072 stylo
1173 2997 1312 3072 perbrevi

213 3079 316 3155 glabro
342 3075 480 3144 indiviso,
509 3075 647 3149 stigmate
671 3074 811 3132 distincto
834 3075 1013 3146 trilobulato,
1035 3076 1147 3134 vertice
1170 3078 1313 3152 germinis

212 3159 350 3232 depresso
377 3154 451 3211 iobis
478 3153 553 3211 disci
579 3153 716 3229 perigyni
737 3154 893 3230 conspicue
917 3155 1022 3227 cincto,
1047 3155 1175 3231 capsulis
1198 3156 1312 3228 inferis,

211 3236 304 3296 coccis
317 3233 521 3291 membraneis.

252 3316 313 3374 Per
338 3319 452 3371 tractus
479 3329 642 3370 eremorum
669 3312 792 3370 flumina
815 3313 940 3390 Murrsy
963 3319 994 3372 et
1015 3313 1143 3390 Darling
1165 3314 1260 3374 River
1280 3323 1314 3375 et

212 3397 310 3455 lacum
323 3393 448 3467 Korong
468 3408 581 3461 versus,
600 3393 763 3451 extendens
778 3392 809 3450 in
823 3392 1007 3452 Australiam
1025 3395 1243 3464 occidentalem,
1259 3396 1311 3454 ubi

211 3494 302 3553 prope
321 3473 432 3531 flumen
449 3471 578 3548 Phillips
597 3472 691 3530 River
712 3479 742 3531 et
764 3472 802 3530 ad
822 3482 952 3532 montem
973 3473 1048 3532 East
1069 3474 1177 3533 Mount
1195 3475 1311 3535 Barren

211 3554 432 3615 inveniendum.

255 3633 375 3710 Species
393 3631 548 3708 pulchella,
568 3631 702 3709 Phylicae
722 3631 872 3708 adspectu.
912 3633 998 3691 Folia
1015 3633 1147 3692 breviter
1159 3633 1310 3709 petiolata‚

211 3714 345 3775 coriacea
364 3731 393 3770 v.
419 3712 626 3782 subherbacea,
649 3709 729 3770 3-8”’
752 3712 850 3788 longa,
874 3709 913 3769 ss
937 3721 967 3770 et
990 3714 1089 3771 minus
1115 3713 1183 3785 lata,
1206 3714 1311 3773 subtus

210 3811 289 3871 sape
312 3793 350 3851 ad
376 3799 488 3849 costam
508 3811 538 3850 v.
559 3810 769 3867 nonnunquam
790 3792 946 3868 angustius
968 3792 1113 3862 revoluta,
1134 3812 1224 3870 supra
1249 3813 1309 3853 non

211 3875 352 3934 distincte
373 3878 489 3948 rugata
537 3870 661 3949 stipula
688 3871 931 3947 intrapetiolares,
957 3873 1100 3945 scariosae,
1126 3874 1310 3947 acuminata,

211 3956 340 4032 primum
356 3951 533 4026 ferrugineas
553 3971 582 4011 v.
601 3953 748 4021 brunneae,
766 3957 853 4010 atate
866 3952 967 4022 bsdiae,
984 3953 1149 4026 superiores
1168 3954 1201 4011 in
1218 3972 1309 4012 unam

210 4036 397 4093 binervatam
410 4039 441 4090 et
454 4031 636 4091 bidentatam
648 4032 709 4090 alte
727 4037 879 4101 concretae,
898 4028 993 4102 ΙΨ
1012 4032 1115 4107 longae,
1131 4032 1168 4091 ad
1182 4051 1308 4092 nervum

209 4113 367 4191 puberulae
382 4119 464 4170 cetro
476 4111 595 4186 glabra,
610 4128 686 4186 sape
700 4109 860 4182 viscidula,
874 4117 958 4186 parte
975 4112 1132 4186 marginali
1149 4113 1308 4173 tenerrima

209 4211 280 4252 mox
300 4197 502 4252 evanescente.
545 4190 710 4251 Glomeruli
729 4190 859 4264 capitati,
872 4191 1001 4248 ramulos
1020 4191 1220 4263 terminantes,
1234 4211 1308 4251 non·

209 4291 360 4347 nunqnam
378 4271 477 4347 plures
498 4270 687 4341 confluentes.
728 4270 861 4327 Bractaae
881 4276 912 4328 et
929 4270 1085 4327 bracteolas
1102 4289 1120 4328 e
1138 4270 1309 4348 ferrugineo

209 4352 360 4430 spadices,
384 4346 482 4426 i-lll'
505 4349 607 4427 longa,
637 4349 798 4409 exteriores
826 4347 1014 4409 interioribus
1041 4350 1176 4421 minores,
1206 4369 1308 4411 omnes
